
@Book{Goossens,
  author    = {Goossens, Michel and Mittelbach, Frank and 
               Samarin, Alexander},
  title     = {The LaTeX Companion},
  edition   = {1},
  publisher = {Addison-Wesley},
  location  = {Reading, Mass.},
  year      = {1994},
}
@Book{adams,
  title     = {The Restaurant at the End of the Universe},
  author    = {Douglas Adams},
  series    = {The Hitchhiker's Guide to the Galaxy},
  publisher = {Pan Macmillan},
  year      = {1980},
}
@book{beck2002driven,
  added-at = {2010-11-23T14:22:43.000+0100},
  asin = {0321146530},
  author = {Beck, Kent},
  biburl = {https://www.bibsonomy.org/bibtex/293ecb16d97b64f51a8cb72ab54dca15a/schmidt2},
  description = {Test Driven Development. By Example Addison-Wesley Signature: Amazon.de: Kent Beck: Englische Bücher},
  dewey = {005.14},
  ean = {9780321146533},
  interhash = {ce3a9459ac3d0b3d47518f186cae5809},
  intrahash = {93ecb16d97b64f51a8cb72ab54dca15a},
  isbn = {0321146530},
  keywords = {addison-wesley books kent_beck},
  publisher = {Addison-Wesley Longman, Amsterdam},
  timestamp = {2011-07-19T11:31:41.000+0200},
  title = {Test Driven Development. By Example (Addison-Wesley Signature)},
  year = 2002
}



@misc{aws,
  author = {Amazon},
  title = {{Amazon Web Services}},
  howpublished = "\url{https://docs.aws.amazon.com/es_es/cli/latest/userguide/cli-services-s3-commands.html}",

}

@misc{tdd_oscar_moreno,
    author= {Oscar Moreno},
    title = {{Principios de TDD (Test Driven Development)}},
    howpublished = "\url{http://oscarmoreno.com/tdd/}",
}

@misc{tdd_ricardo_ahumada,
    author= {Ricardo Ahumada},
    title = {{BDD y TDD en el mundo real (I) - Metodologías y herramientas}},
    howpublished = "\url{https://netmind.net/es/bdd-y-tdd-en-el-mundo-real-i}",
}



@misc{creative_commons,
  author = {Creative Commons},
  title = {{Attribution-ShareAlike 4.0 International}},
  howpublished = "\url{https://creativecommons.org/licenses/by-sa/4.0}",
}